@book{zeroconf,
	author        	= {Cheshire, Stuart and Steinberg, Daniel H.},
	title         	= {Zero Configuration Networking: The Definitive Guide},
	publisher		= {O'Reilly Media, Inc.},
	year			= {2006},
	edition			= {First Edition},
	isbn			= {0-596-10100-7}
}

@book{Boulanger:2011,
	author = {Boulanger, Richard and Lazzarini, Victor},
	title = {The Audio Programming Book},
	year = {2011},
	isbn = {0262014467, 9780262014465},
	publisher = {The MIT Press},
} 

@manual{AES67-2013,
  title        = {AES standard for audio applications of networks - High-performance streaming audio-over-IP interoperability},
  organization       = {Audio Engineering Society, Inc.}, 
  author = {Gross, Kevin, AES Standards Committee},
  address      = {60 East 42nd Street, New York, NY., US.},
  year         = 2013,
}

@link{VST-wikipedia,
    author      = "Wikipedia",
	title	= "Virtual Studio Technology --- {W}ikipedia{,} The Free Encyclopedia",
	year    = "2015",
	url     = "\url{https://en.wikipedia.org/wiki/Virtual_Studio_Technology}",
    note = "[Online; accessed 05-August-2015]"
}


@link{latency98,
    author      = "Brandt, Eli and Dannenberg, Roger B.",
	title	= "LOW-LATENCY MUSIC SOFTWARE USING OFF-THE-SHELF OPERATING SYSTEMS",
	year    = "1998",
	url     = "\url{http://www.cs.cmu.edu/~rbd/papers/latency98/latency98.htm}",
	note = "[Online; accessed 07-August-2015]"
}

@article{realtime-architectures,
	author			 = "Goudard, Vincent and Muller, Remy",
	title			= "Real-time audio plugin architectures, a comparative study",
	INSTITUTION			= "IRCAM â€“ Centre Pompidou",
	Month				= "9",
	year				= "2003",
	day					= "8",
	pages				= {10},
	url 				= {http://recherche.ircam.fr/equipes/temps-reel/movement/muller/xspif/pluginarch.pdf}
}

@article{bouillot2009aes,
		title = {AES White Paper: Best Practices in Network Audio},
		author = {Bouillot, Nicolas and Cohen, Elizabeth and Cooperstock, Jeremy R. and Floros, Andreas and Fonseca, Nuno and Foss, Richard and Goodman, Michael and Grant, John and Gross, Kevin and Harris, Steven and Harshbarger, Brent and Heyraud, Joffrey and Jonsson, Lars and Narus, John and Page, Michael and Snook, Tom and Tanaka, Atau and Trieger, Justin and Zanghieri, Umberto},
		journal = {J. Audio Eng. Soc},
		volume = {57},
		number = {9},
		pages = {729--741},
		year = {2009},
		url = {http://www.aes.org/e-lib/browse.cfm?elib=14839}
		}